@article{bellido2022problema,
  title={Problema de Sturm-Liouville y modelos basados en ecuaciones diferenciales en el campo de la ac{\'u}stica},
  author={Bellido Pazos, Fernando},
  year={2022},
  publisher={ETSI\_Informatica}
}